@book{cormen2002,
  title={Algoritmos: teoria e pr{\'a}tica},
  author={Cormen, T. H. and Leiserson, C. E. and Rivest, R. L. and Stein, C.},
  year={2002},
  publisher={Campus},
  address={Rio de Janeiro},
  edition={2},
  note={Tradu{\c{c}}{\~a}o da 2{\textordfeminine} ed. Americana}
}

@book{cormen2009introduction,
    title={Introduction to Algorithms},
    author={Cormen, Thomas H and Leiserson, Charles E and Rivest, Ronald L and Stein, Clifford},
    year={2009},
    publisher={MIT press}
}

@article{sedgewick1977implementation,
    title={Implementation of Quicksort algorithms},
    author={Sedgewick, Robert},
    journal={Communications of the ACM},
    volume={21},
    number={10},
    pages={847--857},
    year={1977},
    publisher={ACM New York, NY, USA}
}

@misc{site2023,
    title     = {Selection Sort – Data Structure and Algorithm Tutorials},
    year      = {2023},
    note      = {Disponível em: \url{https://www.geeksforgeeks.org/selection-sort/}, Acessado em: 27 de Setembro de 2023}
}

@article{sedgewick1986shell,
    title={Analysis of Shellsort and related algorithms},
    author={Sedgewick, Robert},
    journal={European Symposium on Algorithms},
    year={1986},
    publisher={Springer}
}

@misc{siteShell,
    title     = {Shell Sort Algorithm},
    year      = {2023},
    note      = {Disponível em: \url{https://www.programiz.com/dsa/shell-sort}, Acessado em: 27 de Setembro de 2023}
}

@misc{sitebubble,
    title     = {Bubble Sort – Data Structure and Algorithm Tutorials},
    year      = {2023},
    note      = {Disponível em: \url{https://www.geeksforgeeks.org/bubble-sort/}, Acessado em: 27 de Setembro de 2023}
}

@online{silva2023analise,
  author={Arthur Vinícius Romualdo da Silva},
  title={Análise de desempenho e complexidade dos Algoritmos de ordenação},
  year={2023},
  url={https://medium.com/@arthurviniciusromualdo/análise-de-desempenho-e-complexidade-dos-algoritmos-de-ordenação},
  note={Acessado em: data de acesso}
}

@misc{cyberini2018mergesort,
  author = {Cyberini},
  title = {Merge Sort},
  year = {2018},
  howpublished = {\url{https://www.blogcyberini.com/2018/07/merge-sort.html}},
  note = {Acessado em: [12 de novembro de 2023]}
}

@online{devto_quick_sort,
  author = {Dev.to},
  title = {Ordenação Rápida (Quick Sort)},
  url = {https://dev.to/dormin/ordenacao-rapida-quick-sort-171f},
  note = {[Acessado em 13 de novembro de 2023]},
}

@misc{mello2002ordenacao,
  author = {Ronaldo S. Mello},
  title = {Ordenação de dados (iii)},
  year = {2002},
  note = {Disponível em: \url{www.dcc.ufam.edu.br/~alf/MATERIAL%20AED2/HEAPSORT.pdf}}
}

@misc{lopes2005heap,
  author = {Julio Cesar de Andrade Vieira Lopes},
  title = {Heap},
  year = {2005},
  note = {Disponível em: \url{www.abusar.org/ftp/pub/pitanga/Heap.pdf}}
}

